<collection xmlns="http://www.loc.gov/MARC21/slim">
<record>
  <leader>00640na 0a22001451i 450 </leader>
  <controlfield tag="001">IT\ICCU\CNCE\071808</controlfield>
  <controlfield tag="005">20071212000000.0</controlfield>
  <datafield tag="100" ind1=" " ind2=" ">
    <subfield code="a">20070920             0itac0103    ba</subfield>
  </datafield>
  <datafield tag="101" ind1=" " ind2=" ">
    <subfield code="a">LAT</subfield>
  </datafield>
  <datafield tag="200" ind1="1" ind2=" ">
    <subfield code="a">Vocabularium Nebrissense ex Siciliensi sermone in latinum L. Christophoro Schobare Bethico interprete traductum</subfield>
  </datafield>
  <datafield tag="700" ind1=" " ind2="1">
    <subfield code="a">Nebrija,</subfield>
    <subfield code="b">Antonio : de</subfield>
    <subfield code="3">IT\ICCU\CNCA\007162</subfield>
  </datafield>
  <datafield tag="790" ind1=" " ind2="0">
    <subfield code="a">Antonius</subfield>
    <subfield code="c"> : Nebrissensis</subfield>
    <subfield code="3">IT\ICCU\CNCA\007622</subfield>
    <subfield code="z">Nebrija, Antonio : de</subfield>
  </datafield>
  <datafield tag="790" ind1=" " ind2="0">
    <subfield code="a">Aelius Antonius</subfield>
    <subfield code="c"> : Nebrissensis</subfield>
    <subfield code="3">IT\ICCU\CNCA\012524</subfield>
    <subfield code="z">Nebrija, Antonio : de</subfield>
  </datafield>
  <datafield tag="790" ind1=" " ind2="1">
    <subfield code="a">Lebrija,</subfield>
    <subfield code="b">Antonio</subfield>
    <subfield code="3">IT\ICCU\CNCA\014492</subfield>
    <subfield code="z">Nebrija, Antonio : de</subfield>
  </datafield>
  <datafield tag="801" ind1=" " ind2="3">
    <subfield code="a">IT</subfield>
    <subfield code="b">ICCU</subfield>
    <subfield code="c">20201115</subfield>
  </datafield>
</record>
</collection>
